@book{joyanes1996,
  title={Programaci{\'o}n orientada a objetos},
  author={Joyanes Aguilar, Luis},
  number={004.652. 5},
  year={1996},
  publisher={McGraw-Hill Interamericana,}
}

@book{strauss2016c,
  title={C\# Programming Cookbook},
  author={Strauss, Dirk},
  year={2016},
  publisher={Packt Publishing Ltd}
}

@article{takeyas,
  title={Introducci{\'o}n a la Programaci{\'o}n en C\# .NET},
  author={Takeyas, Bruno L{\'o}pez}
}


@misc{heinz1996,
  title={The listings package},
  author={Heinz, Carsten and Moses, Brooks},
  year={1996},
  publisher={Available from CTAN: macros/latex/contrib/supported/listings}
}
@book{stevens2003uml,
  title={UML 2003--The Unified Modeling Language, Modeling Languages and Applications: 6th International Conference San Francisco, CA, USA, October 20-24, 2003, Proceedings},
  author={Stevens, Perdita and Whittle, Jon and Booch, Grady},
  volume={2863},
  year={2003},
  publisher={Springer}
}

@inproceedings{gregorics2015,
  title={Textual diagram layout language and visualization algorithm},
  author={Gregorics, Bal{\'a}zs and Gregorics, Tibor and Kov{\'a}cs, G{\'a}bor Ferenc and Dobreff, Andr{\'a}s and D{\'e}vai, Gergely},
  booktitle={2015 ACM/IEEE 18th International Conference on Model Driven Engineering Languages and Systems (MODELS)},
  pages={196--205},
  year={2015},
  organization={IEEE}
}
